% examples: https://www.overleaf.com/learn/latex/Bibliography_management_in_LaTeX
%%%%%%%%%%%%%%%%%%%%%%%%%%%%%%%%%%%%%%%%%%%%%%%%%%%%%%%%%%%%%%%%
% UTILIZACAO DOS DADOS DE CAMPO
%%%%%%%%%%%%%%%%%%%%%%%%%%%%%%%%%%%%%%%%%%%%%%%%%%%%%%%%%%%%%%%
@article{ng2022well,
  title={Well production forecast in Volve field: Application of rigorous machine learning techniques and metaheuristic algorithm},
  author={Ng, Cuthbert Shang Wui and Ghahfarokhi, Ashkan Jahanbani and Amar, Menad Nait},
  journal={Journal of Petroleum Science and Engineering},
  volume={208},
  pages={109468},
  year={2022},
  publisher={Elsevier}
}

%%%%%%%%%%%%%%%%%%%%%%%%%%%%%%%%%%%%%%%%%%%%%%%%%%%%%%%%%%%%%%%%
% UTILIZACAO DO MODELO
%%%%%%%%%%%%%%%%%%%%%%%%%%%%%%%%%%%%%%%%%%%%%%%%%%%%%%%%%%%%%%%

@inproceedings{shilong2021machine,
  title={Machine learning model for sales forecasting by using XGBoost},
  author={Shilong, Zhang and others},
  booktitle={2021 IEEE International Conference on Consumer Electronics and Computer Engineering (ICCECE)},
  pages={480--483},
  year={2021},
  organization={IEEE}
}

@inproceedings{gumus2017crude,
  title={Crude oil price forecasting using XGBoost},
  author={Gumus, Mesut and Kiran, Mustafa S},
  booktitle={2017 International conference on computer science and engineering (UBMK)},
  pages={1100--1103},
  year={2017},
  organization={IEEE}
}

%%%%%%%%%%%%%%%%%%%%%%%%%%%%%%%%%%%%%%%%%%%%%%%%%%%%%%%%%%%%%%%%
% O MODELO
%%%%%%%%%%%%%%%%%%%%%%%%%%%%%%%%%%%%%%%%%%%%%%%%%%%%%%%%%%%%%%%
@inproceedings{chen2016xgboost,
  title={Xgboost: A scalable tree boosting system},
  author={Chen, Tianqi and Guestrin, Carlos},
  booktitle={Proceedings of the 22nd acm sigkdd international conference on knowledge discovery and data mining},
  pages={785--794},
  year={2016}
}

@article{scikit-learn,
 title={Scikit-learn: Machine Learning in {P}ython},
 author={Pedregosa, F. and Varoquaux, G. and Gramfort, A. and Michel, V.
         and Thirion, B. and Grisel, O. and Blondel, M. and Prettenhofer, P.
         and Weiss, R. and Dubourg, V. and Vanderplas, J. and Passos, A. and
         Cournapeau, D. and Brucher, M. and Perrot, M. and Duchesnay, E.},
 journal={Journal of Machine Learning Research},
 volume={12},
 pages={2825--2830},
 year={2011}
}

@article{chen2015xgboost,
  title={Xgboost: extreme gradient boosting},
  author={Chen, Tianqi and He, Tong and Benesty, Michael and Khotilovich, Vadim and Tang, Yuan and Cho, Hyunsu and Chen, Kailong and others},
  journal={R package version 0.4-2},
  volume={1},
  number={4},
  pages={1--4},
  year={2015}
}

@book{zhou2012ensemble,
  title={Ensemble methods: foundations and algorithms},
  author={Zhou, Zhi-Hua},
  year={2012},
  publisher={CRC press}
}

@inproceedings{Chen:2016:XST:2939672.2939785,
 author = {Chen, Tianqi and Guestrin, Carlos},
 title = {{XGBoost}: A Scalable Tree Boosting System},
 booktitle = {Proceedings of the 22nd ACM SIGKDD International Conference on Knowledge Discovery and Data Mining},
 series = {KDD '16},
 year = {2016},
 isbn = {978-1-4503-4232-2},
 location = {San Francisco, California, USA},
 pages = {785--794},
 numpages = {10},
 url = {http://doi.acm.org/10.1145/2939672.2939785},
 doi = {10.1145/2939672.2939785},
 acmid = {2939785},
 publisher = {ACM},
 address = {New York, NY, USA},
 keywords = {large-scale machine learning},
}


@article{friedman2001greedy,
  title={Greedy function approximation: a gradient boosting machine},
  author={Friedman, Jerome H},
  journal={Annals of statistics},
  pages={1189--1232},
  year={2001},
  publisher={JSTOR}
}

@article{friedman2000additive,
  title={Additive logistic regression: a statistical view of boosting (with discussion and a rejoinder by the authors)},
  author={Friedman, Jerome and Hastie, Trevor and Tibshirani, Robert},
  journal={The annals of statistics},
  volume={28},
  number={2},
  pages={337--407},
  year={2000},
  publisher={Institute of Mathematical Statistics}
}
%%%%%%%%%%%%%%%%%%%%%%%%%%%%%%%%%%%%%%%%%%%%%%%%%%%%%%%%%%%%%%%%
% Os Dados
%%%%%%%%%%%%%%%%%%%%%%%%%%%%%%%%%%%%%%%%%%%%%%%%%%%%%%%%%%%%%%%

@article{equinor2018volve,
  title={Volve data village},
  author={Equinor, Equinor},
  journal={Equinor Data Portal Beta},
  year={2018}
}
%%%%%%%%%%%%%%%%%%%%%%%%%%%%%%%%%%%%%%%%%%%%%%%%%%%%%%%%%%%%%%%%
% Infromação sobre o processo de separação em campo
%%%%%%%%%%%%%%%%%%%%%%%%%%%%%%%%%%%%%%%%%%%%%%%%%%%%%%%%%%%%%%%
@article{atkinson2004new,
  title={A new horizon in multiphase flow measurement},
  author={Atkinson, Ian and Theuveny, Bertrand and Berard, Michel and Conort, Gilbert and Groves, Joel and Lowe, Trey and McDiarmid, Allan and Mehdizadeh, Parviz and Perciot, Patrick and Pinguet, Bruno and others},
  journal={Oilfield Review},
  volume={16},
  number={4},
  pages={52--63},
  year={2004},
  publisher={Schlumberger, Winter}
}
%%%%%%%%%%%%%%%%%%%%%%%%%%%%%%%%%%%%%%%%%%%%%%%%%%%%%%%%%%%%%%%%%%%%%%%%%%%%%%
% Trabalhos que utilizam modelos de AI para estimar phases de um escoamento  %
%%%%%%%%%%%%%%%%%%%%%%%%%%%%%%%%%%%%%%%%%%%%%%%%%%%%%%%%%%%%%%%%%%%%%%%%%%%%%%
@article{yan2018application,
  title={Application of soft computing techniques to multiphase flow measurement: A review},
  author={Yan, Yong and Wang, Lijuan and Wang, Tao and Wang, Xue and Hu, Yonghui and Duan, Quansheng},
  journal={Flow Measurement and Instrumentation},
  volume={60},
  pages={30--43},
  year={2018},
  publisher={Elsevier}
}


@article{figueiredo2016use,
  title={The use of an ultrasonic technique and neural networks for identification of the flow pattern and measurement of the gas volume fraction in multiphase flows},
  author={Figueiredo, MMF and Goncalves, JL and Nakashima, AMV and Fileti, AMF and Carvalho, RDM},
  journal={Experimental Thermal and Fluid Science},
  volume={70},
  pages={29--50},
  year={2016},
  publisher={Elsevier}
}


@article{xu2010wet,
  title={Wet gas metering using a revised Venturi meter and soft-computing approximation techniques},
  author={Xu, Lijun and Zhou, Wanlu and Li, Xiaomin and Tang, Shaliang},
  journal={IEEE transactions on Instrumentation and Measurement},
  volume={60},
  number={3},
  pages={947--956},
  year={2010},
  publisher={IEEE}
}

@article{shaban2014measurement,
  title={Measurement of gas and liquid flow rates in two-phase pipe flows by the application of machine learning techniques to differential pressure signals},
  author={Shaban, H and Tavoularis, S},
  journal={International journal of multiphase flow},
  volume={67},
  pages={106--117},
  year={2014},
  publisher={Elsevier}
}

%%%%%%%%%%%%%%%%%%%%%%%%%%%%%%%%%%%%%%%%%%%%%%%%%%%%%%%%%%%%%%%%%%%%%%%%%%%%%%
% Trabalhos que utilizam modelos de AI para estimar dados  %
%%%%%%%%%%%%%%%%%%%%%%%%%%%%%%%%%%%%%%%%%%%%%%%%%%%%%%%%%%%%%%%%%%%%%%%%%%%%%%
@article{nait2020combined,
  title={A combined support vector regression with firefly algorithm for prediction of bottom hole pressure},
  author={Nait Amar, Menad and Zeraibi, Noureddine},
  journal={SN Applied Sciences},
  volume={2},
  number={1},
  pages={1--12},
  year={2020},
  publisher={Springer}
}

@article{zanjani2020data,
  title={Data-driven hydrocarbon production forecasting using machine learning techniques},
  author={Zanjani, Masoud Safari and Salam, Mohammad Abdus and Kandara, Osman},
  journal={International Journal of Computer Science and Information Security (IJCSIS)},
  volume={18},
  number={6},
  year={2020}
}

@inproceedings{cao2016data,
  title={Data driven production forecasting using machine learning},
  author={Cao, Q and Banerjee, R and Gupta, S and Li, J and Zhou, W and Jeyachandra, B},
  booktitle={SPE Argentina Exploration and Production of unconventional resources symposium},
  year={2016},
  organization={OnePetro}
}


@inproceedings{sen2019estimation,
  title={Estimation of pore pressure and fracture gradient in Volve field, Norwegian North Sea},
  author={Sen, Souvik and Ganguli, Shib Sankar},
  booktitle={SPE oil and gas india conference and exhibition},
  year={2019},
  organization={OnePetro}
}

@article{ravasi2015vector,
  title={Vector-acoustic reverse time migration of Volve ocean-bottom cable data set without up/down decomposed wavefields},
  author={Ravasi, Matteo and Vasconcelos, Ivan and Curtis, Andrew and Kritski, Alexander},
  journal={Geophysics},
  volume={80},
  number={4},
  pages={S137--S150},
  year={2015},
  publisher={Society of Exploration Geophysicists}
}


@article{directorate2017factpages,
  title={FactPages-Norwegian Petroleum Directorate},
  author={Directorate, Norwegian Petroleum},
  journal={Availabe online: http://factpages. npd. no/factpages/(accessed on 30 May 2018)},
  year={2017}
}

@inproceedings{skjaeveland2013publishing,
  title={Publishing the norwegian petroleum directorate’s factpages as semantic web data},
  author={Skj{\ae}veland, Martin G and Lian, Espen H and Horrocks, Ian},
  booktitle={The Semantic Web--ISWC 2013: 12th International Semantic Web Conference, Sydney, NSW, Australia, October 21-25, 2013, Proceedings, Part II 12},
  pages={162--177},
  year={2013},
  organization={Springer}
}
